@misc{3d-collision-detection,
	title = {{3D Collision Detection}},
	author={ashkatchap},
	publisher = {Mozilla Developer},
	howpublished = {\url{https://developer.mozilla.org/en-US/docs/Games/Techniques/3D_collision_detection}},
	note = {Accessed: 2019-04-06}
}
@misc{sound-library,
	title = {{Sound}},
	author={Processing Foundation},
	publisher = {Processing Foundation},
	howpublished = {\url{https://processing.org/reference/libraries/sound/index.html}},
	note = {Accessed: 2019-04-06}
}
@misc{kinect4winsdk,
	title = {{Kinect For Processing Library}},
	author={Bryan Chung},
	publisher = {Magic \& Love Interactive},
	howpublished = {\url{http://www.magicandlove.com/blog/research/kinect-for-processing-library/}},
	note = {Accessed: 2019-04-06}
}
@misc{3d-guitar-model,
	title = {{White guitar 3D model}},
	author={stone777},
	publisher = {TurboSquid},
	howpublished = {\url{https://www.turbosquid.com/FullPreview/Index.cfm/ID/1199062}},
	note = {Accessed: 2019-04-06}
}
@misc{kinect-controller,
	title = {{Kinect Controller}},
	author={DART},
	publisher = {DART: Dialogs between Art and Technology},
	howpublished = {\url{http://dartecne.wikidot.com/kinect-controller}},
	note = {Accessed: 2019-04-06}
}
@misc{rotation-matrix,
	title = {{Wikipedia: Rotation Matrix}},
	author={Wikipedia},
	publisher = {Wikipedia},
	howpublished = {\url{https://en.wikipedia.org/wiki/Rotation_matrix}},
	note = {Accessed: 2019-02-19}
}
@misc{rotation,
	title = {{Wikipedia: Rotation}},
	author={Wikipedia},
	publisher = {Wikipedia},
	howpublished = {\url{https://en.wikipedia.org/wiki/Rotation}},
	note = {Accessed: 2019-02-19}
}
@misc{processing-reference,
	title = {{Processing: Reference}},
	author={Processing},
	publisher = {Processing},
	howpublished = {\url{https://processing.org/reference/}},
	note = {Accessed: 2019-02-19}
}
@misc{processing-javadoc,
	title = {{Processing: Javadoc}},
	author={Processing},
	publisher = {Processing},
	howpublished = {\url{https://processing.github.io/processing-javadocs/core/index.html}},
	note = {Accessed: 2019-02-19}
}